<record><leader>00000cas a22000007a 4500</leader><controlfield tag="001">13662747</controlfield><controlfield tag="008">860530d1897189uinuwr ne      0    0eng d</controlfield><datafield ind1=" " ind2=" " tag="010"><subfield code="a">sn 86058567 </subfield></datafield><datafield ind1=" " ind2=" " tag="040"><subfield code="a">NPI</subfield><subfield code="b">eng</subfield><subfield code="c">NPI</subfield><subfield code="d">OCLCQ</subfield></datafield><datafield ind1=" " ind2=" " tag="042"><subfield code="a">msc</subfield></datafield><datafield ind1="0" ind2="4" tag="245"><subfield code="a">The Spiceland gazette.</subfield></datafield><datafield ind1=" " ind2=" " tag="260"><subfield code="a">Spiceland, Ind. :</subfield><subfield code="b">Spiceland Print. Co.,</subfield><subfield code="c">1897-</subfield></datafield><datafield ind1=" " ind2=" " tag="300"><subfield code="a">v. :</subfield><subfield code="b">ill. ;</subfield><subfield code="c">57 cm.</subfield></datafield><datafield ind1=" " ind2=" " tag="310"><subfield code="a">Weekly</subfield></datafield><datafield ind1="0" ind2=" " tag="362"><subfield code="a">Vol. 1, no. 1 (Oct. 15, 1897)-</subfield></datafield><datafield ind1="1" ind2=" " tag="362"><subfield code="a">Lasted about two years.</subfield><subfield code="z">Cf. Miller, John W. Indiana newspaper bibliog.</subfield></datafield><datafield ind1=" " ind2=" " tag="580"><subfield code="a">May have been the Spiceland edition of the New Castle tribune (New Castle, Ind. : 1897). Cf. Miller.</subfield></datafield><datafield ind1=" " ind2=" " tag="752"><subfield code="a">United States</subfield><subfield code="b">Indiana</subfield><subfield code="c">Henry</subfield><subfield code="d">Spiceland.</subfield></datafield><datafield ind1="1" ind2=" " tag="787"><subfield code="t">New Castle tribune (New Castle, Ind. : 1897)</subfield><subfield code="w">(DLC)sn 86058568</subfield></datafield><datafield ind1="1" ind2=" " tag="029"><subfield code="a">AU@</subfield><subfield code="b">000025804135</subfield></datafield></record>